@misc{Saaty1993Prinyatie,
  author   = {Т. Саати},
  pages    = {315},
  year     = {1993},
  title    = {Принятие решений. Метод анализа иерархий / пер. с англ. Р. Г. Вачнадзе. М.: Радио и связь},
  date     = {1993},
  language = {russian}
}

@misc{Maslov1994Idemotent,
  author    = {В. П. Маслов and В. Н. Колокольцов},
  title     = {Идемпотентный анализ и его применение в оптимальном управлении},
  year      = {1994},
  date      = {1994},
  publisher = {Физматлит},
  language  = {russian}
}

@misc{Butkovic2010Maxlinear,
  author    = {P. Butkovi\v{c}},
  title     = {Max-linear Systems: Theory and Algorithms},
  year      = {2010},
  address   = {London},
  date      = {2010},
  doi       = {10.1007/978-1-84996-299-5},
  publisher = {Springer London}
}

@misc{Heidergott2006Max,
  author    = {B. Heidergott and G. Olsder and J. Van Der Woude},
  year      = {2006},
  address   = {Princeton},
  date      = {2006},
  pages     = {226},
  publisher = {Princeton Univ. Press},
  series    = {Max Plus at Work. Princeton Series in Applied Mathematics}
}

@inbook{Krivulin2019Metody,
  author    = {Н. К. Кривулин and В. А. Агеев},
  pages     = {472--488},
  title     = {Методы тропической оптимизации в многокритериальных задачах оценки альтернатив на основе парных сравнений // Вестн. С.-Петерб. ун-та},
  booktitle = {Прикладная математика.},
  year      = {2019},
  date      = {2019},
  volume    = {15},
  number    = {4},
  language  = {russian}
}

@misc{Krivulin2019Tropical,
  author = {N. Krivulin and S. Sergeev},
  title  = {Tropical implementation of the {A}nalytical {H}ierarchy {P}rocess decision method // Fuzzy Sets and Systems},
  year   = {2019},
  date   = {2019},
  pages  = {31--51},
  volume = {377}
}

@article{Krivulin2022Using,
  author    = {N. Krivulin and A. Prinkov and I. Gladkikh},
  journal   = {Mathematics},
  title     = {Using Pairwise Comparisons to Determine Consumer Preferences in Hotel Selection},
  year      = {2022},
  number    = {5},
  pages     = {1--25},
  volume    = {10},
  publisher = {MDPI AG}
}

@inbook{Krivulin2020Reshenie,
  author    = {Н. К. Кривулин and Т. Абильдаев and В. Д. Горшечникова and Д. Капаца and Е. А. Магдич},
  pages     = {27--58},
  booktitle = {Мандрикова А. А. О решении многокритериальных задач принятия решений на основе парных сравнений // Компьютерные инструменты в образовании.},
  year      = {2020},
  number    = {2},
  language  = {russian}
}


@software{SourceCode,
  author    = {E. A. Tkachenko},
  title     = {Decision making with MaxAlgebra},
  year      = 2023,
  publisher = {Zenodo},
  doi       = {10.5281/zenodo.7950762},
  url       = {https://doi.org/10.5281/zenodo.7950762}
}

@Comment{jabref-meta: databaseType:bibtex;}
