@misc{Saaty1993Prinyatie,
  author = {Саати~Т.},
  pages  = {315},
  year   = {1993},
  title  = {Принятие решений. Метод анализа иерархий / пер. с англ. Р.~Г.~Вачнадзе. М.: Радио и связь},
  date   = {1993}
}

@misc{Масловв1994,
  author = {Маслов~в and ~п and Колокольцов~в and ~н},
  title  = {Идемпотентный анализ и его применение в оптимальном управлении},
  year   = {1994},
  date   = {1994}
}

@misc{Butkovivcp2010,
  author    = {Butkoviv{c}~p},
  title     = {Max-linear Systems: Theory and Algorithms},
  year      = {2010},
  address   = {London},
  date      = {2010},
  doi       = {10.1007/978-1-84996-299-5},
  publisher = {Springer}
}

@misc{Heidergottb2006,
  author    = {Heidergott~b and Olsder~g and Van Der Woude~j},
  year      = {2006},
  address   = {Princeton},
  date      = {2006},
  pages     = {226},
  publisher = {Princeton Univ. Press},
  series    = {Max Plus at Work. Princeton Series in Applied Mathematics}
}

@misc{Кривулинн,
  author = {Кривулин~н and ~к and Агеев~в and ~а},
  title  = {Методы тропической оптимизации в многокритериальных задачах оценки альтернатив на основе парных сравнений // Вестн. С.-Петерб. ун-та. Прикл. матем., Т. 15, Вып. 4 Изд-во С.-Петерб. ун-та},
  year   = {2019},
  pages  = {472--488}
}

@misc{Krivulinn2019,
  author = {Krivulin~n and Sergeev~s},
  title  = {Tropical implementation of the {A}nalytical {H}ierarchy {P}rocess decision method // Fuzzy Sets and Systems},
  year   = {2019},
  date   = {2019},
  pages  = {31--51},
  volume = {377}
}

@article{Krivulin2022,
  author    = {Krivulin, Nikolai and Prinkov, Alexey and Gladkikh, Igor},
  journal   = {Mathematics},
  title     = {Using Pairwise Comparisons to Determine Consumer Preferences in Hotel Selection},
  year      = {2022},
  month     = {2},
  number    = {5},
  pages     = {730},
  volume    = {10},
  date      = {2022-02-25},
  day       = {25},
  doi       = {10.3390/math10050730},
  publisher = {MDPI AG}
}

@misc{Кривулинн2020,
  author = {Кривулин~н and ~к and Абильдаев~т and Горшечникова~в and ~д and Капаца~д and Магдич~е and ~а and Мандрикова~а and ~а},
  title  = {О решении многокритериальных задач принятия решений на основе парных сравнений // Компьютерные инструменты в образовании},
  year   = {2020},
  date   = {2020},
  number = {2},
  pages  = {27--58}
}

@Comment{jabref-meta: databaseType:bibtex;}
