@book{SSA_with_R,
  author    = {Golyandina, N and Korobeynikov, A and Zhigljavsky, A},
  title     = {Singular Spectrum Analysis with R},
  year      = {2018},
  pages     = {272},
  publisher = {Springer},
  language  = {english}
}

@misc{supportive_mssa,
  author   = {Федоров, Н},
  title    = {Поддерживающие временные ряды в анализе
              сингулярного спектра},
  note     = {выпускная квалификационная работа магистра, СПбГУ, СПб},
  year     = {2020},
  language = {russian}
}

