@misc{Saaty1993Prinyatie,
  author   = {Т. Саати},
  pages    = {315},
  year     = {1993},
  title    = {Принятие решений. Метод анализа иерархий / пер. с англ. Р. Г. Вачнадзе. М.: Радио и связь},
  date     = {1993},
  language = {russian}
}

@article{Krivulin2022Using,
  author    = {Nikolai Krivulin and Alexey Prinkov and Igor Gladkikh},
  journal   = {Mathematics},
  title     = {Using Pairwise Comparisons to Determine Consumer Preferences in Hotel Selection},
  year      = {2022},
  number    = {5},
  pages     = {1--25},
  volume    = {10},
  publisher = {MDPI AG}
}

@misc{Maslov1994Idemotent,
  author    = {В. П. Маслов and В. Н. Колокольцов},
  title     = {Идемпотентный анализ и его применение в оптимальном управлении},
  year      = {1994},
  date      = {1994},
  publisher = {Физматлит},
  language  = {russian}
}

@software{SourceCode,
  author    = {E. A. Tkachenko},
  title     = {Decision making with MaxAlgebra},
  year      = 2023,
  publisher = {Zenodo},
  doi       = {10.5281/zenodo.7950762},
  url       = {https://doi.org/10.5281/zenodo.7950762}
}


@Comment{jabref-meta: databaseType:bibtex;}
